@inproceedings{lionesspaper,
  author    = {Ross J. Anderson and
               Eli Biham},
  editor    = {Dieter Gollmann},
  title     = {Two Practical and Provably Secure Block Ciphers: {BEARS} and {LION}},
  booktitle = {Fast Software Encryption, Third International Workshop, Cambridge,
               UK, February 21-23, 1996, Proceedings},
  series    = {Lecture Notes in Computer Science},
  volume    = {1039},
  pages     = {113--120},
  publisher = {Springer},
  year      = {1996},
  url       = {https://doi.org/10.1007/3-540-60865-6\_48},
  doi       = {10.1007/3-540-60865-6\_48},
  timestamp = {Tue, 14 May 2019 10:00:54 +0200},
  biburl    = {https://dblp.org/rec/conf/fse/AndersonB96a.bib},
  bibsource = {dblp computer science bibliography, https://dblp.org}
}

@inproceedings{sphinxpaper,
  author    = {George Danezis and
               Ian Goldberg},
  title     = {Sphinx: {A} Compact and Provably Secure Mix Format},
  booktitle = {30th {IEEE} Symposium on Security and Privacy (S{\&}P 2009), 17-20
               May 2009, Oakland, California, {USA}},
  pages     = {269--282},
  publisher = {{IEEE} Computer Society},
  year      = {2009},
  url       = {https://doi.org/10.1109/SP.2009.15},
  doi       = {10.1109/SP.2009.15},
  timestamp = {Wed, 16 Oct 2019 14:14:51 +0200},
  biburl    = {https://dblp.org/rec/conf/sp/DanezisG09.bib},
  bibsource = {dblp computer science bibliography, https://dblp.org}
}


@inproceedings{mixnets,
  author    = {David Chaum},
  title     = {Untraceable Electronic Mail, Return Addresses, and Digital Pseudonyms},
  journal   = {Commun. {ACM}},
  volume    = {24},
  number    = {2},
  pages     = {84--88},
  year      = {1981},
  url       = {http://doi.acm.org/10.1145/358549.358563},
  doi       = {10.1145/358549.358563},
  timestamp = {Wed, 14 Nov 2018 10:22:32 +0100},
  biburl    = {https://dblp.org/rec/journals/cacm/Chaum81.bib},
  bibsource = {dblp computer science bibliography, https://dblp.org}
}

@inproceedings{loopix,
  author    = {Ania M. Piotrowska and
               Jamie Hayes and
               Tariq Elahi and
               Sebastian Meiser and
               George Danezis},
  title     = {The Loopix Anonymity System},
  journal   = {CoRR},
  volume    = {abs/1703.00536},
  year      = {2017},
  url       = {http://arxiv.org/abs/1703.00536},
  archivePrefix = {arXiv},
  eprint    = {1703.00536},
  timestamp = {Mon, 13 Aug 2018 16:47:09 +0200},
  biburl    = {https://dblp.org/rec/journals/corr/PiotrowskaHEMD17.bib},
  bibsource = {dblp computer science bibliography, https://dblp.org}
}
@inproceedings{truebit,
  author    = {Jason Teutsch and
               Christian Reitwie{\ss}ner},
  title     = {A scalable verification solution for blockchains},
  journal   = {CoRR},
  volume    = {abs/1908.04756},
  year      = {2019},
  url       = {http://arxiv.org/abs/1908.04756},
  archivePrefix = {arXiv},
  eprint    = {1908.04756},
  timestamp = {Mon, 19 Aug 2019 13:21:03 +0200},
  biburl    = {https://dblp.org/rec/journals/corr/abs-1908-04756.bib},
  bibsource = {dblp computer science bibliography, https://dblp.org}
}
@inproceedings{plasma,
  author    = {J. Poon and V. Buterin},
  title     = {Plasma: Scalable Autonomous Smart Contracts},
  year      = {2017},
  url       = {https://plasma.io/plasma.pdf},
}

@inproceedings{lightningnetwork,
  author    = {J. Poon and Thaddeus Dryja},
  title     = {The Bitcoin Lightning Network:
Scalable Off-Chain Instant Payments},
  year      = {2016},
  url       = {https://lightning.network/lightning-network-paper.pdf},
}
@inproceedings{vpn0,
  author    = {Matteo Varvello and
               I{\~{n}}igo Querejeta{-}Azurmendi and
               Antonio Nappa and
               Panagiotis Papadopoulos and
               Goncalo Pestana and
               Benjamin Livshits},
  title     = {{VPN0:} {A} Privacy-Preserving Decentralized Virtual Private Network},
  journal   = {CoRR},
  volume    = {abs/1910.00159},
  year      = {2019},
  url       = {http://arxiv.org/abs/1910.00159},
  archivePrefix = {arXiv},
  eprint    = {1910.00159},
  timestamp = {Fri, 04 Oct 2019 12:28:06 +0200},
  biburl    = {https://dblp.org/rec/journals/corr/abs-1910-00159.bib},
  bibsource = {dblp computer science bibliography, https://dblp.org}
}
@inproceedings{sentinel,
  title     = {Sentinel: A blockchain framework for building decentralized VPN applications},
  year      = {2020},
  url       = {https://sentinel.co/whitepaper},
}
